
@inproceedings{gehler+nowozin:2009,
    title={On Feature Combination for Multiclass Object Classification},
    author={P. Gehler and S. Nowozin},
    booktitle={ICCV},
    year={2009},
}

@article{hinton+osindero+teh:2006,
    author={G. E. Hinton and S. Osindero and Y. Teh},
    title={A Fast Learning Algorithm for Deep Belief Nets},
    year=2006,
    journal="Neural Computation",
    volume=18,
    pages={1527-1554},
    annote={Stacking RBMs trained by Contrastive Divergence, pre-training.}
}

@article{bergstra+bengio:2012,
    author={J. Bergstra and Y. Bengio},
    title={Random Search for Hyper-parameter Optimization},
    year=2012,
    journal="JMLR",
    pages={To appear},
}

@inproceedings{pinto+cox:2011,
    author={N. Pinto, D. D. Cox},
    year=2011,
    title={Beyond Simple Features: A Large-Scale Feature Search Approach to
        Unconstrained Face Recognition},
    booktitle={{IEEE} International Conference on Automatic Face and Gesture
        Recognition},
}

@inproceedings{coates+lee+ng:2011,
    title={An Analysis of Single-Layer Networks in Unsupervised Feature Learning},
    author={A. Coates and H. Lee and A. Y. Ng},
    crossref={AISTATS:2011},
}

@inproceedings{mason+baxter+bartlett+fraen:1999,
    title={Boosting Algorithms as Gradient Descent in Function Space},
    author={L. Mason and J. Baxter and P. Bartlett and M. Fraen},
    booktitle={NIPS},
    year={1999},
}
@inproceedings{bergstra+bardenet+bengio+kegl:2011,
    author = {Bergstra, J. and Bardenet, R. and Bengio, Y. and K{\'e}gl, B.},
    title = {Algorithms for Hyper-parameter Optimization},
    pages={2546--2554},
    crossref = {NIPS24},
}

@article{friedman:1999,
    title={A Gradient Boosting Machine},
    author={J. H. Friedman},
    journal={Annals of Statistics},
    pages={1189--1232},
    year={1999},
}
@article{Pinto-2009,
  author = {Pinto, N. and Doukhan, D. and {DiCarlo}, J. J. and Cox, D. D.},
  journal = {PLoS Comput Biol},
  publisher = {Public Library of Science},
  title = {A High-Throughput Screening Approach to Discovering Good Forms of Biologically Inspired Visual Representation},
  year = {2009},
  month = {11},
  volume = {5},
  pages = {e1000579},
  number = {11},
}
@phdthesis{hutter:2009,
    author={F. Hutter},
    title={Automated Configuration of Algorithms for Solving Hard Computational
        Problems},
    year=2009,
    school={University of British Columbia},
    annote={Evaluates model-based and model-free approaches to program
        configuration.  This work is relevant to the tuning of learning
            algorithm hyper-parameters.}
}

@proceedings{AISTATS:2011,
    title="AISTATS",
    booktitle="AISTATS",
    year=2011,
    publisher="",
    address="",
}
@proceedings{CVPR:2009,
  title=cvpr09,
  booktitle=cvpr09,
  year={2009},
  publisher = "IEEE Press",
}
@proceedings{NIPS24,
 title = "NIPS*24",
 booktitle = "NIPS*24",
 editor = "",
 publisher = "",
 year = {2011},
}
